%YAML 1.1
%TAG !u! tag:unity3d.com,2011:
--- !u!1 &112228
GameObject:
  m_ObjectHideFlags: 0
  m_CorrespondingSourceObject: {fileID: 0}
  m_PrefabInstance: {fileID: 0}
  m_PrefabAsset: {fileID: 0}
  serializedVersion: 6
  m_Component:
  - component: {fileID: 455860}
  - component: {fileID: 3390488}
  - component: {fileID: 2332062}
  - component: {fileID: 6473170}
  m_Layer: 0
  m_Name: Wall_E
  m_TagString: Untagged
  m_Icon: {fileID: 0}
  m_NavMeshLayer: 0
  m_StaticEditorFlags: 0
  m_IsActive: 1
--- !u!4 &455860
Transform:
  m_ObjectHideFlags: 0
  m_CorrespondingSourceObject: {fileID: 0}
  m_PrefabInstance: {fileID: 0}
  m_PrefabAsset: {fileID: 0}
  m_GameObject: {fileID: 112228}
  m_LocalRotation: {x: 0, y: 0, z: 0, w: 1}
  m_LocalPosition: {x: -0.029935837, y: 0.0056748884, z: 0.020910168}
  m_LocalScale: {x: 1, y: 1, z: 1}
  m_Children: []
  m_Father: {fileID: 436102}
  m_RootOrder: 0
  m_LocalEulerAnglesHint: {x: 0, y: 0, z: 0}
--- !u!33 &3390488
MeshFilter:
  m_ObjectHideFlags: 0
  m_CorrespondingSourceObject: {fileID: 0}
  m_PrefabInstance: {fileID: 0}
  m_PrefabAsset: {fileID: 0}
  m_GameObject: {fileID: 112228}
  m_Mesh: {fileID: 4300020, guid: 6c823a569ab4348479597ed4693bc618, type: 3}
--- !u!23 &2332062
MeshRenderer:
  m_ObjectHideFlags: 0
  m_CorrespondingSourceObject: {fileID: 0}
  m_PrefabInstance: {fileID: 0}
  m_PrefabAsset: {fileID: 0}
  m_GameObject: {fileID: 112228}
  m_Enabled: 1
  m_CastShadows: 1
  m_ReceiveShadows: 1
  m_DynamicOccludee: 1
  m_MotionVectors: 1
  m_LightProbeUsage: 1
  m_ReflectionProbeUsage: 1
  m_RenderingLayerMask: 1
  m_RendererPriority: 0
  m_Materials:
  - {fileID: 2100000, guid: ce27d762ab6fc134aa497f3470cefbb3, type: 2}
  - {fileID: 2100000, guid: 2a45119b6529db041a79e08b385c40de, type: 2}
  m_StaticBatchInfo:
    firstSubMesh: 0
    subMeshCount: 0
  m_StaticBatchRoot: {fileID: 0}
  m_ProbeAnchor: {fileID: 0}
  m_LightProbeVolumeOverride: {fileID: 0}
  m_ScaleInLightmap: 1
  m_PreserveUVs: 0
  m_IgnoreNormalsForChartDetection: 0
  m_ImportantGI: 0
  m_StitchLightmapSeams: 0
  m_SelectedEditorRenderState: 3
  m_MinimumChartSize: 4
  m_AutoUVMaxDistance: 0.5
  m_AutoUVMaxAngle: 89
  m_LightmapParameters: {fileID: 0}
  m_SortingLayerID: 0
  m_SortingLayer: 0
  m_SortingOrder: 0
--- !u!64 &6473170
MeshCollider:
  m_ObjectHideFlags: 0
  m_CorrespondingSourceObject: {fileID: 0}
  m_PrefabInstance: {fileID: 0}
  m_PrefabAsset: {fileID: 0}
  m_GameObject: {fileID: 112228}
  m_Material: {fileID: 0}
  m_IsTrigger: 0
  m_Enabled: 1
  serializedVersion: 3
  m_Convex: 0
  m_CookingOptions: 14
  m_Mesh: {fileID: 4300006, guid: 628e5212ccbe5044ba8b70740d37394e, type: 3}
--- !u!1 &124364
GameObject:
  m_ObjectHideFlags: 0
  m_CorrespondingSourceObject: {fileID: 0}
  m_PrefabInstance: {fileID: 0}
  m_PrefabAsset: {fileID: 0}
  serializedVersion: 6
  m_Component:
  - component: {fileID: 436102}
  m_Layer: 0
  m_Name: Wall_E
  m_TagString: Untagged
  m_Icon: {fileID: 0}
  m_NavMeshLayer: 0
  m_StaticEditorFlags: 0
  m_IsActive: 1
--- !u!4 &436102
Transform:
  m_ObjectHideFlags: 0
  m_CorrespondingSourceObject: {fileID: 0}
  m_PrefabInstance: {fileID: 0}
  m_PrefabAsset: {fileID: 0}
  m_GameObject: {fileID: 124364}
  m_LocalRotation: {x: 0, y: 0, z: 0, w: 1}
  m_LocalPosition: {x: 29.755411, y: -0.0027606888, z: -11.889912}
  m_LocalScale: {x: 1, y: 1, z: 1}
  m_Children:
  - {fileID: 455860}
  - {fileID: 3256446891754770096}
  m_Father: {fileID: 0}
  m_RootOrder: 0
  m_LocalEulerAnglesHint: {x: 0, y: 0, z: 0}
--- !u!1001 &3256446891754334610
PrefabInstance:
  m_ObjectHideFlags: 0
  serializedVersion: 2
  m_Modification:
    m_TransformParent: {fileID: 436102}
    m_Modifications:
    - target: {fileID: 199268, guid: 257faedffa691514790c7fffb4046c40, type: 3}
      propertyPath: m_Name
      value: Tunnel_Grate
      objectReference: {fileID: 0}
    - target: {fileID: 452386, guid: 257faedffa691514790c7fffb4046c40, type: 3}
      propertyPath: m_LocalPosition.x
      value: -0.17
      objectReference: {fileID: 0}
    - target: {fileID: 452386, guid: 257faedffa691514790c7fffb4046c40, type: 3}
      propertyPath: m_LocalPosition.y
      value: -0.008
      objectReference: {fileID: 0}
    - target: {fileID: 452386, guid: 257faedffa691514790c7fffb4046c40, type: 3}
      propertyPath: m_LocalPosition.z
      value: -0.031
      objectReference: {fileID: 0}
    - target: {fileID: 452386, guid: 257faedffa691514790c7fffb4046c40, type: 3}
      propertyPath: m_LocalRotation.x
      value: -0
      objectReference: {fileID: 0}
    - target: {fileID: 452386, guid: 257faedffa691514790c7fffb4046c40, type: 3}
      propertyPath: m_LocalRotation.y
      value: -0
      objectReference: {fileID: 0}
    - target: {fileID: 452386, guid: 257faedffa691514790c7fffb4046c40, type: 3}
      propertyPath: m_LocalRotation.z
      value: -0
      objectReference: {fileID: 0}
    - target: {fileID: 452386, guid: 257faedffa691514790c7fffb4046c40, type: 3}
      propertyPath: m_LocalRotation.w
      value: 1
      objectReference: {fileID: 0}
    - target: {fileID: 452386, guid: 257faedffa691514790c7fffb4046c40, type: 3}
      propertyPath: m_RootOrder
      value: 1
      objectReference: {fileID: 0}
    - target: {fileID: 452386, guid: 257faedffa691514790c7fffb4046c40, type: 3}
      propertyPath: m_LocalEulerAnglesHint.x
      value: 0
      objectReference: {fileID: 0}
    - target: {fileID: 452386, guid: 257faedffa691514790c7fffb4046c40, type: 3}
      propertyPath: m_LocalEulerAnglesHint.y
      value: 0
      objectReference: {fileID: 0}
    - target: {fileID: 452386, guid: 257faedffa691514790c7fffb4046c40, type: 3}
      propertyPath: m_LocalEulerAnglesHint.z
      value: 0
      objectReference: {fileID: 0}
    m_RemovedComponents: []
  m_SourcePrefab: {fileID: 100100000, guid: 257faedffa691514790c7fffb4046c40, type: 3}
--- !u!4 &3256446891754770096 stripped
Transform:
  m_CorrespondingSourceObject: {fileID: 452386, guid: 257faedffa691514790c7fffb4046c40,
    type: 3}
  m_PrefabInstance: {fileID: 3256446891754334610}
  m_PrefabAsset: {fileID: 0}
